
@article{levenshtein,
	author="Карахтанов, Д. С.",
	title="Программная реализация алгоритма Левенштейна для устранения опечаток в записях баз данных",
	journal="Молодой ученый",
	year=2010,
	number="№ 8 (19)",
	volume="Т. 1",
	pages="158-162",
	url="https://moluch.ru/archive/19/1966/",
	note="(дата обращения: 23.09.2024)"
}

@misc{python-city,
	title="Welcome to Python [Электронный ресурс]",
	howpublished="Режим доступа: \url{https://www.python.org}",
	note="(дата обращения: 23.09.2024)"
}

@misc{python-time,
	title="time — Time access and conversions [Электронный ресурс]",
	howpublished="Режим доступа: \url{https://docs.python.org/3/library/time.html#functions}",
	note="(дата обращения: 23.09.2024)"
}

