
@misc{thread-city,
	title="pthread\_create(3) — Linux manual page [Электронный ресурс]",
	howpublished="Режим доступа: \url{https://man7.org/linux/man-pages/man3/pthread_create.3.html}",
	note="(дата обращения: 20.10.2024)"
}

@misc{time-city,
	title="gettimeofday(2) — Linux manual page [Электронный ресурс]",
	howpublished="Режим доступа: \url{https://man7.org/linux/man-pages/man2/gettimeofday.2.html}",
	note="(дата обращения: 20.10.2024)"
}
% pthread\_create(3) — Linux manual page [Электронный ресурс]

