
@misc{python-city,
	title="Welcome to Python [Электронный ресурс]",
	howpublished="Режим доступа: \url{https://www.python.org}",
	note="(дата обращения: 30.09.2024)"
}

@misc{matplotlib-lib,
	title="Matplotlib 3.9.2 documentation [Электронный ресурс]",
	howpublished="Режим доступа: \url{https://matplotlib.org/stable/index.html}",
	note="(дата обращения: 30.09.2024)"
}


