
@misc{python-city,
	title="Welcome to Python [Электронный ресурс]",
	howpublished="Режим доступа: \url{https://www.python.org}",
	note="(дата обращения: 30.09.2024)"
}

@misc{matplotlib-lib,
	title="Matplotlib 3.9.2 documentation [Электронный ресурс]",
	howpublished="Режим доступа: \url{https://matplotlib.org/stable/index.html}",
	note="(дата обращения: 30.09.2024)"
}

@misc{python-time,
	title="time – time related functions — MicroPython latest documentation [Электронный ресурс]",
	howpublished="Режим доступа: \url{https://docs.micropython.org/en/latest/library/time.html}",
	note="(дата обращения: 6.10.2024)"
}

@misc{plata,
	title="ST Nucleo F767ZI — NuttX latest documentation [Электронный ресурс]",
	howpublished="Режим доступа: \url{https://nuttx.apache.org/docs/latest/platforms/arm/stm32f7/boards/nucleo-f767/index.html}",
	note="(дата обращения: 6.10.2024)"
}


